@misc{datomic,
  title = {{D}atomic: The fully transactional, cloud-ready, distributed database},
  author = {Rich Hickey and Stuart Halloway and Justin Gehtland},
  howpublished = {\url{http://www.datomic.com}},
  note = {Accessed: 11 March 2016}
}

@InProceedings{whaley-lam,
  author =       {John Whaley and Dzintars Avots and Michael Carbin and
                  Monica S. Lam},
  title =        {Using {Datalog} and Binary Decision Diagrams for
                  Program Analysis},
  booktitle =    {{P}roceedings of the 3rd {A}sian Symposium on
                  {P}rogramming {L}anguages and {S}ystems},
  month =        nov,
  year =         {2005},
  editor =       {Kwangkeun Yi},
  volume =       {3780},
  series =       LNCS,
  publisher =    {Springer-Verlag},
}



@phdthesis{ whaley-phd,
  author = "John Whaley",
  title = "Context-Sensitive Pointer Analysis using Binary Decision Diagrams",
  school = "Stanford University",
  month = mar,
  year = 2007,
}


@inproceedings{semmlecode,
  author    = {Oege de Moor and
               Damien Sereni and
               Mathieu Verbaere and
               Elnar Hajiyev and
               Pavel Avgustinov and
               Torbj{\"{o}}rn Ekman and
               Neil Ongkingco and
               Julian Tibble},
  title     = {{.QL}: Object-Oriented Queries Made Easy},
  booktitle = {Generative and Transformational Techniques in Software Engineering
               II, International Summer School, {GTTSE} 2007, Braga, Portugal, July
               2-7, 2007. Revised Papers},
  pages     = {78--133},
  year      = {2007},
  biburl    = {http://dblp.uni-trier.de/rec/bib/conf/gttse/MoorSVHAEOT07},
  bibsource = {dblp computer science bibliography, http://dblp.org}
}

@inproceedings{ql-inference,
  author    = {Max Sch{\"{a}}fer and
               Oege de Moor},
  title     = {Type inference for datalog with complex type hierarchies},
  booktitle = {Proceedings of the 37th {ACM} {SIGPLAN-SIGACT} Symposium on Principles
               of Programming Languages, {POPL} 2010, Madrid, Spain, January 17-23,
               2010},
  pages     = {145--156},
  year      = {2010},
  timestamp = {Tue, 22 May 2012 15:24:56 +0200},
  biburl    = {http://dblp.uni-trier.de/rec/bib/conf/popl/SchaferM10},
  bibsource = {dblp computer science bibliography, http://dblp.org}
}

@inproceedings{logicblox,
  author    = {Molham Aref and
               Balder ten Cate and
               Todd J. Green and
               Benny Kimelfeld and
               Dan Olteanu and
               Emir Pasalic and
               Todd L. Veldhuizen and
               Geoffrey Washburn},
  title     = {Design and Implementation of the {LogicBlox} System},
  booktitle = {Proceedings of the 2015 {ACM} {SIGMOD} International Conference on
               Management of Data, Melbourne, Victoria, Australia, May 31 - June
               4, 2015},
  pages     = {1371--1382},
  year      = {2015},
  timestamp = {Thu, 12 Nov 2015 16:33:38 +0100},
  biburl    = {http://dblp.uni-trier.de/rec/bib/conf/sigmod/ArefCGKOPVW15},
  bibsource = {dblp computer science bibliography, http://dblp.org}
}

@article{secpal,
  author    = {Moritz Y. Becker and
               C{\'{e}}dric Fournet and
               Andrew D. Gordon},
  title     = {SecPAL: Design and semantics of a decentralized authorization language},
  journal   = {Journal of Computer Security},
  volume    = {18},
  number    = {4},
  pages     = {619--665},
  year      = {2010},
  timestamp = {Thu, 01 Jul 2010 07:49:56 +0200},
  biburl    = {http://dblp.uni-trier.de/rec/bib/journals/jcs/BeckerFG10},
  bibsource = {dblp computer science bibliography, http://dblp.org}
}



@inproceedings{bloom,
  author    = {Peter Alvaro and
               Neil Conway and
               Joseph M. Hellerstein and
               William R. Marczak},
  title     = {Consistency Analysis in {Bloom}: a {CALM} and Collected Approach},
  booktitle = {{CIDR} 2011, Fifth Biennial Conference on Innovative Data Systems
               Research, Asilomar, CA, USA, January 9-12, 2011, Online Proceedings},
  pages     = {249--260},
  year      = {2011},
  timestamp = {Mon, 18 May 2015 13:54:06 +0200},
  biburl    = {http://dblp.uni-trier.de/rec/bib/conf/cidr/AlvaroCHM11},
  bibsource = {dblp computer science bibliography, http://dblp.org}
}


@inproceedings{dedalus,
  author    = {Peter Alvaro and
               William R. Marczak and
               Neil Conway and
               Joseph M. Hellerstein and
               David Maier and
               Russell Sears},
  title     = {Dedalus: Datalog in Time and Space},
  booktitle = {Datalog Reloaded - First International Workshop, Datalog 2010, Oxford,
               UK, March 16-19, 2010. Revised Selected Papers},
  pages     = {262--281},
  year      = {2010},
  crossref  = {DBLP:conf/datalog/2010},
  url       = {http://dx.doi.org/10.1007/978-3-642-24206-9_16},
  doi       = {10.1007/978-3-642-24206-9_16},
  timestamp = {Tue, 31 Jan 2012 14:51:21 +0100},
  biburl    = {http://dblp.uni-trier.de/rec/bib/conf/datalog/AlvaroMCHMS10},
  bibsource = {dblp computer science bibliography, http://dblp.org}
}


@inproceedings{mercury,
  author    = {Zoltan Somogyi and
               Fergus Henderson and
               Thomas C. Conway},
  title     = {The Implementation of Mercury, an Efficient Purely Declarative Logic
               Programming Language},
  booktitle = {{ILPS} 1994, Workshop 4: Implementation Techniques for Logic Programming
               Languages, Ithaca, New York, USA, November 17, 1994},
  year      = {1994},
  timestamp = {Wed, 04 Dec 2013 14:42:59 +0100},
  biburl    = {http://dblp.uni-trier.de/rec/bib/conf/slp/SomogyiHC94},
  bibsource = {dblp computer science bibliography, http://dblp.org}
}

@article{curry,
 author = {Antoy, Sergio and Hanus, Michael},
 title = {Functional Logic Programming},
 journal = {Communications of the ACM},
 issue_date = {April 2010},
 volume = {53},
 number = {4},
 month = apr,
 year = {2010},
 issn = {0001-0782},
 pages = {74--85},
 numpages = {12},
 acmid = {1721675},
 publisher = {ACM},
 address = {New York, NY, USA},
}




@book{kanren,
  author    = {Daniel P. Friedman and
               William E. Byrd and
               Oleg Kiselyov},
  title     = {The reasoned schemer},
  publisher = {{MIT} Press},
  year      = {2005},
  isbn      = {978-0-262-56214-0},
  timestamp = {Wed, 06 Apr 2011 15:25:01 +0200},
  biburl    = {http://dblp.uni-trier.de/rec/bib/books/daglib/0015651},
  bibsource = {dblp computer science bibliography, http://dblp.org}
}

@proceedings{datalog,
  editor    = {Herv{\'{e}} Gallaire and
               Jack Minker},
  title     = {Logic and Data Bases, Symposium on Logic and Data Bases, Centre d'{\'{e}}tudes
               et de recherches de Toulouse, 1977},
  series    = {Advances in Data Base Theory},
  publisher = {Plemum Press},
  address   = {New York},
  year      = {1978},
  isbn      = {0-306-40060-X},
  timestamp = {Thu, 03 Jan 2002 11:52:25 +0100},
  biburl    = {http://dblp.uni-trier.de/rec/bib/conf/adbt/77},
  bibsource = {dblp computer science bibliography, http://dblp.org}
}

@inproceedings{logical-algorithms,
  author    = {Harald Ganzinger and
               David A. McAllester},
  title     = {Logical Algorithms},
  booktitle = {Logic Programming, 18th International Conference, {ICLP} 2002, Copenhagen,
               Denmark, July 29 - August 1, 2002, Proceedings},
  pages     = {209--223},
  year      = {2002},
  timestamp = {Fri, 01 Jul 2011 13:40:47 +0200},
  biburl    = {http://dblp.uni-trier.de/rec/bib/conf/iclp/GanzingerM02},
  bibsource = {dblp computer science bibliography, http://dblp.org}
}




@inproceedings{linear-logical-algorithms,
  author    = {Robert J. Simmons and
               Frank Pfenning},
  title     = {Linear logical approximations},
  booktitle = {Proceedings of the 2009 {ACM} {SIGPLAN} Symposium on Partial Evaluation
               and Semantics-based Program Manipulation, {PEPM} 2009, Savannah, GA,
               USA, January 19-20, 2009},
  pages     = {9--20},
  year      = {2009},
  timestamp = {Tue, 22 May 2012 15:24:56 +0200},
  biburl    = {http://dblp.uni-trier.de/rec/bib/conf/pepm/SimmonsP09},
  bibsource = {dblp computer science bibliography, http://dblp.org}
}

@article{jrml,
  author    = {Frank Pfenning and
               Rowan Davies},
  title     = {A judgmental reconstruction of modal logic},
  journal   = {Mathematical Structures in Computer Science},
  volume    = {11},
  number    = {4},
  pages     = {511--540},
  year      = {2001},
  url       = {http://dx.doi.org/10.1017/S0960129501003322},
  doi       = {10.1017/S0960129501003322},
  timestamp = {Fri, 10 Jun 2011 14:42:27 +0200},
  biburl    = {http://dblp.uni-trier.de/rec/bib/journals/mscs/PfenningD01},
  bibsource = {dblp computer science bibliography, http://dblp.org}
}

@article{ deductive-parsing,
  author    = {Stuart M. Shieber and
               Yves Schabes and
               Fernando C. N. Pereira},
  title     = {Principles and Implementation of Deductive Parsing},
  journal   = {J. Log. Program.},
  volume    = {24},
  number    = {1{\&}2},
  pages     = {3--36},
  year      = {1995},
  timestamp = {Thu, 01 Dec 2011 17:16:23 +0100},
  biburl    = {http://dblp.uni-trier.de/rec/bib/journals/jlp/ShieberSP95},
}

@Misc{multilinear-bigdata,
   author = {Mihai Budiu and Gordon Plotkin},
   title =  {Multilinear Programming with Big Data},
   month =  {September},
   year =   {2014},
   url =    {http://budiu.info/work/budiu-festschrift14.pdf},
   confweb =  {http://research.microsoft.com/en-us/events/lucacardellifest/},
   howpublished = {Festschrift for {Luca Cardelli}}
}

@inproceedings{machiavelli,
 author = {Ohori, Atsushi and Buneman, Peter and Breazu-Tannen, Val},
 title = {Database Programming in {M}achiavelli---a Polymorphic Language with Static Type Inference},
 booktitle = {Proceedings of the 1989 ACM SIGMOD International Conference on Management of Data},
 series = {SIGMOD '89},
 year = {1989},
 isbn = {0-89791-317-5},
 location = {Portland, Oregon, USA},
 pages = {46--57},
 numpages = {12},
 url = {http://doi.acm.org/10.1145/67544.66931},
 doi = {10.1145/67544.66931},
 acmid = {66931},
 publisher = {ACM},
 address = {New York, NY, USA},
}

@InProceedings{dunfield-bidir,
                author =    {Joshua Dunfield and Neelakantan R. Krishnaswami},
                title =     {Complete and Easy Bidirectional Typechecking for Higher-Rank Polymorphism},
                booktitle = {International Conference on Functional Programming (ICFP)},
                month =     sep,
                year =      {2013},
                note =      {\url{arXiv:1306.6032 [cs.PL]}}
              }



@article{bidirectional,
  author    = {Benjamin C. Pierce and
               David N. Turner},
  title     = {Local type inference},
  journal   = {{ACM} Trans. Program. Lang. Syst.},
  volume    = {22},
  number    = {1},
  pages     = {1--44},
  year      = {2000},
  timestamp = {Wed, 26 Nov 2003 14:26:46 +0100},
  biburl    = {http://dblp.uni-trier.de/rec/bib/journals/toplas/PierceT00},
  bibsource = {dblp computer science bibliography, http://dblp.org}
}

@article{domain-theory,
  title={Domain theory},
  author={Abramsky, Samson and Jung, Achim},
  journal={Handbook of logic in computer science},
  volume={3},
  pages={1--168},
  year={1994},
}



@article{kleisli,
  author    = {Limsoon Wong},
  title     = {Kleisli, a functional query system},
  journal   = {J. Funct. Program.},
  volume    = 10,
  number    = 1,
  pages     = {19--56},
  year      = 2000,
   timestamp = {Fri, 10 Jun 2011 14:42:12 +0200},
  biburl    = {http://dblp.uni-trier.de/rec/bib/journals/jfp/Wong00},
  bibsource = {dblp computer science bibliography, http://dblp.org}
}

@inproceedings{ferry,
  author    = {Torsten Grust and
               Manuel Mayr and
               Jan Rittinger and
               Tom Schreiber},
  title     = {{FERRY:} database-supported program execution},
  booktitle = {Proceedings of the {ACM} {SIGMOD} International Conference on Management
               of Data, {SIGMOD} 2009, Providence, Rhode Island, USA, June 29 - July
               2, 2009},
  pages     = {1063--1066},
  year      = {2009},
  timestamp = {Wed, 08 Jul 2009 19:24:14 +0200},
  biburl    = {http://dblp.uni-trier.de/rec/bib/conf/sigmod/GrustMRS09},
  bibsource = {dblp computer science bibliography, http://dblp.org}
}

@inproceedings{linq-wadler,
  author    = {James Cheney and
               Sam Lindley and
               Philip Wadler},
  title     = {A practical theory of language-integrated query},
  booktitle = {{ACM} {SIGPLAN} International Conference on Functional Programming,
               ICFP'13, Boston, MA, {USA} - September 25 - 27, 2013},
  pages     = {403--416},
  year      = {2013},
  timestamp = {Thu, 19 Sep 2013 11:26:38 +0200},
  biburl    = {http://dblp.uni-trier.de/rec/bib/conf/icfp/CheneyLW13},
  bibsource = {dblp computer science bibliography, http://dblp.org}
}

@inproceedings{query-shredding,
  author    = {James Cheney and
               Sam Lindley and
               Philip Wadler},
  title     = {Query shredding: efficient relational evaluation of queries over nested
               multisets},
  booktitle = {International Conference on Management of Data, {SIGMOD} 2014, Snowbird,
               UT, USA, June 22-27, 2014},
  pages     = {1027--1038},
  year      = {2014},
  timestamp = {Sun, 22 Jun 2014 11:31:11 +0200},
  biburl    = {http://dblp.uni-trier.de/rec/bib/conf/sigmod/CheneyLW14},
  bibsource = {dblp computer science bibliography, http://dblp.org}
}

@article{linearlogic,
  author    = {Jean{-}Yves Girard},
  title     = {Linear Logic},
  journal   = {Theor. Comput. Sci.},
  volume    = {50},
  pages     = {1--102},
  year      = {1987},
  url       = {http://dx.doi.org/10.1016/0304-3975(87)90045-4},
  doi       = {10.1016/0304-3975(87)90045-4},
  timestamp = {Wed, 07 Sep 2011 12:13:20 +0200},
  biburl    = {http://dblp.uni-trier.de/rec/bib/journals/tcs/Girard87},
  bibsource = {dblp computer science bibliography, http://dblp.org}
}

@inproceedings{reladj,
  title = "Relational Algebra by Way of Adjunctions",
  author = "Jeremy Gibbons and Fritz Henglein and Ralf Hinze and Nicolas Wu",
  year = "2015",
  booktitle = "Database Programming Languages",
  month = "October",
  note = "Talk only",
  url = "http://www.cs.ox.ac.uk/jeremy.gibbons/publications/reladj-dbpl.pdf",
}

@inproceedings{magicsets,
 author = {Bancilhon, Francois and Maier, David and Sagiv, Yehoshua and Ullman, Jeffrey D},
 title = {Magic Sets and Other Strange Ways to Implement Logic Programs (Extended Abstract)},
 booktitle = {Proceedings of the Fifth ACM SIGACT-SIGMOD Symposium on Principles of Database Systems},
 series = {PODS '86},
 year = {1986},
 isbn = {0-89791-179-2},
 location = {Cambridge, Massachusetts, USA},
 pages = {1--15},
 numpages = {15},
 url = {http://doi.acm.org/10.1145/6012.15399},
 doi = {10.1145/6012.15399},
 acmid = {15399},
 publisher = {ACM},
 address = {New York, NY, USA},
}

@article{defunctionalization,
  author    = {John C. Reynolds},
  title     = {Definitional Interpreters for Higher-Order Programming Languages},
  journal   = {Higher-Order and Symbolic Computation},
  volume    = {11},
  number    = {4},
  pages     = {363--397},
  year      = {1998},
  timestamp = {Wed, 25 May 2011 16:33:10 +0200},
  biburl    = {http://dblp.uni-trier.de/rec/bib/journals/lisp/Reynolds98a},
  bibsource = {dblp computer science bibliography, http://dblp.org}
}

@article{bdd,
  title={Symbolic Boolean manipulation with ordered binary-decision diagrams},
  author={Bryant, Randal E},
  journal={ACM Computing Surveys (CSUR)},
  volume={24},
  number={3},
  pages={293--318},
  year={1992},
  publisher={ACM}
}

@inproceedings{lnl,
  author    = {P. N. Benton and
               Philip Wadler},
  title     = {Linear Logic, Monads and the Lambda Calculus},
  booktitle = {Proceedings, 11th Annual {IEEE} Symposium on Logic in Computer Science,
               New Brunswick, New Jersey, USA, July 27-30, 1996},
  pages     = {420--431},
  year      = {1996},
  timestamp = {Sat, 22 Nov 2014 13:44:45 +0100},
  biburl    = {http://dblp.uni-trier.de/rec/bib/conf/lics/BentonW96},
  bibsource = {dblp computer science bibliography, http://dblp.org}
}

@article{reduction-contexts,
 author = {Matthias Felleisen and Robert Hieb},
 title = {The Revised Report on the Syntactic Theories of Sequential Control and State},
 journal = {Theor. Comput. Sci.},
 issue_date = {14 Sept. 1992},
 volume = {103},
 number = {2},
 month = sep,
 year = {1992},
 issn = {0304-3975},
 pages = {235--271},
 numpages = {37},
 url = {http://dx.doi.org/10.1016/0304-3975(92)90014-7},
 doi = {10.1016/0304-3975(92)90014-7},
 acmid = {136297},
 publisher = {Elsevier Science Publishers Ltd.},
 address = {Essex, UK},
}



@inproceedings{flix,
  author    = {Magnus Madsen and
               Ming{-}Ho Yee and
               Ondrej Lhot{\'{a}}k},
  title     = {From Datalog to flix: a declarative language for fixed points on lattices},
  booktitle = {Proceedings of the 37th {ACM} {SIGPLAN} Conference on Programming
               Language Design and Implementation, {PLDI} 2016, Santa Barbara, CA,
               USA, June 13-17, 2016},
  pages     = {194--208},
  year      = {2016},
  crossref  = {DBLP:conf/pldi/2016},
  url       = {http://doi.acm.org/10.1145/2908080.2908096},
  doi       = {10.1145/2908080.2908096},
  timestamp = {Mon, 06 Jun 2016 12:11:24 +0200},
  biburl    = {http://dblp2.uni-trier.de/rec/bib/conf/pldi/MadsenYL16},
  bibsource = {dblp computer science bibliography, http://dblp.org}
}

@proceedings{DBLP:conf/pldi/2016,
  editor    = {Chandra Krintz and
               Emery Berger},
  title     = {Proceedings of the 37th {ACM} {SIGPLAN} Conference on Programming
               Language Design and Implementation, {PLDI} 2016, Santa Barbara, CA,
               USA, June 13-17, 2016},
  publisher = {{ACM}},
  year      = {2016},
  url       = {http://doi.acm.org/10.1145/2908080},
  doi       = {10.1145/2908080},
  isbn      = {978-1-4503-4261-2},
  timestamp = {Mon, 06 Jun 2016 12:07:41 +0200},
  biburl    = {http://dblp2.uni-trier.de/rec/bib/conf/pldi/2016},
  bibsource = {dblp computer science bibliography, http://dblp.org}
}

